@book{barriersegypt,
  title={Barriers to Employment that Women Face in Egypt: Policy Challenges and Considerations},
  author={Constant, Louay and Edochie, Ifeanyi and Glick, Peter and Martini, Jeffrey and Garber, Chandra},
  year={2020},
  publisher={RAND}
}

@misc{social,
  title={World employment and social outlook: Trends for women 2018—Global snapshot},
  author={International Labour Office},
  year={2018},
  publisher={ILO Geneva}
}

@book{education,
  title={Education at a glance 2010: OECD indicators},
  author={Organisation for Economic Co-operation and Development (OECD)},
  year={2010},
  publisher={OECD Paris}
}

 @Book{,
    author = {Carson Sievert},
    title = {Interactive Web-Based Data Visualization with R, plotly, and shiny},
    publisher = {Chapman and Hall/CRC},
    year = {2020},
    isbn = {9781138331457},
    url = {https://plotly-r.com},
  }

  @Manual{,
    title = {dplyr: A Grammar of Data Manipulation},
    author = {Hadley Wickham and Romain François and Lionel Henry and Kirill Müller},
    year = {2021},
    note = {R package version 1.0.5},
    url = {https://CRAN.R-project.org/package=dplyr},
  }

  @Manual{,
    title = {webshot: Take Screenshots of Web Pages},
    author = {Winston Chang},
    year = {2019},
    note = {R package version 0.5.2},
    url = {https://CRAN.R-project.org/package=webshot},
  }

  @Article{,
    title = {Welcome to the {tidyverse}},
    author = {Hadley Wickham and Mara Averick and Jennifer Bryan and Winston Chang and Lucy D'Agostino McGowan and Romain François and Garrett Grolemund and Alex Hayes and Lionel Henry and Jim Hester and Max Kuhn and Thomas Lin Pedersen and Evan Miller and Stephan Milton Bache and Kirill Müller and Jeroen Ooms and David Robinson and Dana Paige Seidel and Vitalie Spinu and Kohske Takahashi and Davis Vaughan and Claus Wilke and Kara Woo and Hiroaki Yutani},
    year = {2019},
    journal = {Journal of Open Source Software},
    volume = {4},
    number = {43},
    pages = {1686},
    doi = {10.21105/joss.01686},
  }

  @Book{,
    author = {Hadley Wickham},
    title = {ggplot2: Elegant Graphics for Data Analysis},
    publisher = {Springer-Verlag New York},
    year = {2016},
    isbn = {978-3-319-24277-4},
    url = {https://ggplot2.tidyverse.org},
  }

 @Manual{,
    title = {readr: Read Rectangular Text Data},
    author = {Hadley Wickham and Jim Hester},
    year = {2020},
    note = {R package version 1.4.0},
    url = {https://CRAN.R-project.org/package=readr},
  }

  @Manual{,
    title = {broom: Convert Statistical Objects into Tidy Tibbles},
    author = {David Robinson and Alex Hayes and Simon Couch},
    year = {2021},
    note = {R package version 0.7.5},
    url = {https://CRAN.R-project.org/package=broom},
  }

  @Manual{,
    title = {kableExtra: Construct Complex Table with 'kable' and Pipe Syntax},
    author = {Hao Zhu},
    year = {2021},
    note = {R package version 1.3.4},
    url = {https://CRAN.R-project.org/package=kableExtra},
  }

  @Manual{,
    title = {naniar: Data Structures, Summaries, and Visualisations for Missing Data},
    author = {Nicholas Tierney and Di Cook and Miles McBain and Colin Fay},
    year = {2020},
    note = {R package version 0.6.0},
    url = {https://CRAN.R-project.org/package=naniar},
  }

 @Manual{,
    title = {GGally: Extension to 'ggplot2'},
    author = {Barret Schloerke and Di Cook and Joseph Larmarange and Francois Briatte and Moritz Marbach and Edwin Thoen and Amos Elberg and Jason Crowley},
    year = {2021},
    note = {R package version 2.1.1},
    url = {https://CRAN.R-project.org/package=GGally},
  }

  @Manual{,
    title = {stringr: Simple, Consistent Wrappers for Common String Operations},
    author = {Hadley Wickham},
    year = {2019},
    note = {R package version 1.4.0},
    url = {https://CRAN.R-project.org/package=stringr},
  }

 @Manual{,
    title = {patchwork: The Composer of Plots},
    author = {Thomas Lin Pedersen},
    year = {2020},
    note = {R package version 1.1.1},
    url = {https://CRAN.R-project.org/package=patchwork},
  }